%% This BibTeX bibliography file was created using BibDesk.
%% http://bibdesk.sourceforge.net/


%% Created for Hartmut Lentz at 2013-06-13 11:29:16 +0200 


%% Saved with string encoding Unicode (UTF-8) 



@misc{PageRank:,
	Abstract = {A device for the treatment of hiccups, and more specifically, to a method and apparatus for the treatment of hiccups involving galvanic stimulation of the Superficial Phrenetic and Vagus nerves using an electric current.},
	Author = {Page, Lawrence},
	Date-Added = {2013-06-11 10:41:14 +0000},
	Date-Modified = {2013-06-11 10:41:14 +0000},
	Location = {US},
	Note = {\emph{Patent} US 6285999},
	Title = {Method for node ranking in a linked database},
	Year = {1997},
	Bdsk-Url-1 = {http://www.patentlens.net/patentlens/patent/US_7062320/}}

@book{egghe90,
	Author = {Egghe, Leo and Rousseau, Ronald},
	Month = apr,
	Publisher = {Elsevier, Amsterdam},
	Title = {{Introduction to informetrics: Quantitative methods in library, documentation and information science}},
	Year = {1990}}

@article{Grindrod:2011fg,
	Annote = {Katz Centrality},
	Author = {Grindrod, Peter and Parsons, Mark and Higham, Desmond and Estrada, Ernesto},
	Journal = {Phys. Rev. E},
	Month = apr,
	Number = {4},
	Pages = {046120},
	Title = {{Communicability across evolving networks}},
	Volume = {83},
	Year = {2011}}

@article{Garrison:1960up,
	Annote = {Introduces accessibility matrices: page 130 bottom.

Introduces accessibility matrices: page 130 bottom.},
	Author = {Garrison, W L},
	Journal = {Papers and proceedings of the regional science association},
	Pages = {121--137},
	Title = {{Connectivity of the interstate highway system}},
	Volume = {6},
	Year = {1960}}

@inproceedings{hagberg2008,
	Address = {Pasadena, CA USA},
	Author = {Hagberg, Aric A and Schult, Daniel A and Swart, Pieter J},
	Booktitle = {Proceedings of the 7th Python in Science Conference (SciPy2008)},
	Organization = {Pasadena, CA USA},
	Pages = {11--15},
	Title = {{Exploring network structure, dynamics, and function using NetworkX}},
	Year = {2008}}

@incollection{brandes2007,
	Annote = {Beweis, dass Modularit{\"a}t NP Vollst{\"a}ndig ist.},
	Author = {Brandes, Ulrik and Delling, Daniel and Gaertler, Marco and G{\"o}rke, Robert and Hoefer, Martin and Nikoloski, Zoran and Wagner, Dorothea},
	Booktitle = {Graph-Theoretic Concepts in Computer Science},
	Pages = {121--132},
	Publisher = {Springer Verlag},
	Title = {{On finding graph clusterings with maximum modularity}},
	Year = {2007}}


